<?xml version="1.0" encoding="UTF-8"?><collection><record><leader>12306ntm a2200817 a 4500</leader><controlfield tag="001">012244979</controlfield><controlfield tag="003">MiAaHDL</controlfield><controlfield tag="005">20190719000000.0</controlfield><controlfield tag="006">m        d        </controlfield><controlfield tag="007">cr bn ---auaua</controlfield><controlfield tag="008">130327m17051706tu            00| ||ota d</controlfield><datafield tag="035" ind1=" " ind2=" "><subfield code="a">(MiU)012244979</subfield></datafield><datafield tag="035" ind1=" " ind2=" "><subfield code="a">sdr-miu012244979</subfield></datafield><datafield tag="040" ind1=" " ind2=" "><subfield code="a">MiU</subfield><subfield code="c">MiU</subfield><subfield code="e">amremm</subfield></datafield><datafield tag="043" ind1=" " ind2=" "><subfield code="a">n-us-mi</subfield><subfield code="a">a-tu---</subfield></datafield><datafield tag="100" ind1="0" ind2=" "><subfield code="6">880-01</subfield><subfield code="a">Kâtip Çelebi,</subfield><subfield code="d">1609-1657.</subfield></datafield><datafield tag="245" ind1="1" ind2="0"><subfield code="6">880-03</subfield><subfield code="a">[Tarih-i Fezleke ...etc.,</subfield><subfield code="f">1117, i.e. 1705 and 1706].</subfield></datafield><datafield tag="246" ind1="3" ind2=" "><subfield code="a">Tārīkh-i Fadhlakah</subfield></datafield><datafield tag="246" ind1="3" ind2=" "><subfield code="i">Edge title (tail):</subfield><subfield code="a">تاريخ فذلكه</subfield></datafield><datafield tag="260" ind1=" " ind2=" "><subfield code="a">[Istanbul,</subfield><subfield code="c">1705 and 1706].</subfield></datafield><datafield tag="300" ind1=" " ind2=" "><subfield code="a">316 leaves :</subfield><subfield code="b">paper ;</subfield><subfield code="c">299 x 170 (207 x 88) mm.</subfield></datafield><datafield tag="500" ind1=" " ind2=" "><subfield code="a">Shelfmark: Ann Arbor, University of Michigan, Special Collections Library, Isl. Ms. 1051</subfield></datafield><datafield tag="500" ind1=" " ind2=" "><subfield code="a">Origin: As appears in colophon at close on p.630, Tarih-i Fezleke copied by Muṣṭafá ibn Ḥasan, known as Miftāḥīzādah (Miftahizade Mustafa b. Hasan) with transcription completed in Dār al-Salṭanah al-Qusṭanṭanīyah (Istanbul) mid-Ṣafar 1117 [June 1705]. As appears in colophon at close on margins of p.313 (fol.١٤٩ a) , Tuhfetü'l-kibar also copied by Miftahizade Mustafa b. Hasan with transcription completed in Istanbul end of Dhū al-Qaʻdah 1117 [March 1706]. Transcript of Mizanü'l-hak ends abruptly and lacks colophon (see p.388), though hand suggests that it was also entered by Miftahizade Mustafa b. Hasan, likely just after the transcription of Tuhfetü'l-kibar.</subfield></datafield><datafield tag="500" ind1=" " ind2=" "><subfield code="a">Binding: Pasteboards covered in dark brown leather ; Type II binding (once with flap, though now lost) ; board linings in mint green, gold- and silver-flecked paper, made endpapers / flyleaves in marbled paper (chiefly in red, green and blue) ; upper and lower covers carry stamped (recessed onlays), gold-painted mandorla (filled with vegetal composition, symmetrical but without chi clouds) and pendants, as well as tooled and gold-painted cornerpieces and chain borders (series of s-shaped stamps) ; edges of text block tinted yellow ; primaries sewn through textile spine lining, reversed leather glued on top, lapped upon lower cover ; sewn in dark rose thread, four stations ; worked chevron endbands in red and sage green ; overall in fair condition with flap lost, boards delaminating, lifting and losses of leather, minor pest damage, etc. ; subtle repairs at board edges (tail and head).</subfield></datafield><datafield tag="500" ind1=" " ind2=" "><subfield code="a">Support: European laid paper with roughly 12 laid lines per cm. (horizontal), chain lines spaced 26 mm. apart (vertical), and watermark of three hats or caps (tre cappelli, see pp.16, 22, 32, 40, 622, etc.), cream in color, quite sturdy, extremely well-burnished to glossy ; some cockling, minor moisture damage toward close of codex ; added table of contents on another European paper of "raisin" type with roughly 12 laid lines per cm. (horizontal), chain lines spaced 22-24 mm. apart (vertical) and watermarks of names (see p.6, etc.) and grapes (raisin) with crown and name "A. GALLIARD [?]" above (see p.2, 8, etc.).</subfield></datafield><datafield tag="500" ind1=" " ind2=" "><subfield code="a">Decoration: Elegant illuminated headpiece (ʻunwān / sarlawḥ) at opening of text (on p.14, following added table of contents), consisting of rectangular piece with gold cartouche carrying section heading in red "في سنة الف" flanked by swirling floral motifs on dark blue (reminiscent of lapis) and gold grounds, surmounted by a scalloped w-shaped piece with swirling floral vegetal motifs in shades of pink, light blue, orange, red and yellow on grounds of gold and dark blue, all set in a well of heavy gold interlace, narrow gold bands and bands of blue and red with white crosses and surmounted by vertical stalks (tīgh) in dark blue with red accents ; incipit and facing pages surrounded by heavy gold frame defined by narrower gold band, black fillets and outermost red fillet, elsewhere written area surrounded by narrower gold frame defined by black fillets ; headings and keywords rubricated ; some overlining of other keywords in red ; textual dividers in the form of red discs.</subfield></datafield><datafield tag="500" ind1=" " ind2=" "><subfield code="a">Script: Nastaʻlīq (talik) ; elegant Ottoman hand in a medium line ; characteristically serifless with effect of words gently descending to baseline, some elongation of horizontal strokes, some sweeping descenders, pointing in strokes rather than distinct dots, final and free-standing nūn with an angled bowl, not exceptionally wide with point nearly assimilated.</subfield></datafield><datafield tag="500" ind1=" " ind2=" "><subfield code="a">Layout: Written in 31 lines per page ; additional texts glossed in margins in varying number of lines on the diagonal on certain pages ; frame-ruled.</subfield></datafield><datafield tag="500" ind1=" " ind2=" "><subfield code="a">Collation: i, III (6), 31 V (316), i ; exclusively quinions with ternion for added table of contents for entire codex ; final leaf left blank ; catchwords present ; foliation in black ink, Hindu-Arabic numerals ; foliation in red ink, Hindu-Arabic numerals, distinct for each of the two texts glossed on the margins ; pagination in pencil, Western numerals, supplied during cataloguing.</subfield></datafield><datafield tag="500" ind1=" " ind2=" "><subfield code="a">Colophon: [Tarih-i Fezleke] "Scribal," triangular, reads "تم هذا الكتاب المستطاب بعون الله الملك القديم الوهاب على يد اضعف العباد مصطفى بن حسن الشهير بمفتاحى زاده فى بلدۀ دار السلطنة القسطنطنية فى اواسط شهر صفر الخير لسنه سبع عشره ومايه والف م" ; [Tuhfetü'l-kibar] "Scribal," reads "تم هذا الكتاب بعون الله الملك القديم الوهاب على يد اضعف العباد مصطفى بن حسن الشهير بمفتاحى زاده فى بلدۀ دار السلطنة القسطنطنية فى اواخر شهر ذالقعدۀ شريفه لسنه سبع عشره ومايه والف"</subfield></datafield><datafield tag="500" ind1=" " ind2=" "><subfield code="a">Explicit: [Tarih-i Fezleke] "مقدما حسن اغايه حيله ايدن حلواجى محمد قونيه ده قتل واخذ اولمغين" ; [Tuhfetü'l-kibar] "برر برر اجرا ايلمك اسبابه بولندن مباشرتك شرطى در الله تعالى ميسر ايليه امين" ; [Mizanü'l-hak] "وبو كه كشف الظنون عن اسامى الكتب والفنون نامى قونلوب سابقا مسوده سن"</subfield></datafield><datafield tag="500" ind1=" " ind2=" "><subfield code="a">Incipit: [Tarih-i Fezleke] "سنۀ مزبوره محرمنك غره سى كه يوم السبت در هجرت نبويه نك اوجيوز اللى درت بيك درتيوز طقسان طقوزنجى كونى اولوب ..." ; [Tuhfetü'l-kibar] "ابتداء تاريخ تحفة الكبار سرنامۀ داتسان جهان ستان حمد وسپاس خداوند زمين وزمان اولمق ...وبعد چون تاريخ هجرة نبويه بيك اللى بش ساله ايروب كلام معجز اثار نبويه ما صدقى اولان فتوحاة اسلاميه دن كريد فتحى ظهور ايلدى ... اسمنه تحفة الكبار فى اسفار البحار ديدى ..." ; [Mizanü'l-hak] "الحمد لله الذي جعل العقل حجة في خلقه وايد الشرع به فيما يفرق بين الباطل وحقه ... وبعد اول آفرينش دن برو ميان ارباب دانشده عقل ايله نقل توامان ومعقول ومنقول فرسى رهان ايدوكى ... اكا بناء نزاع اولنان مسئله ده طريق برهانى بيان ايچون برايكى سطر تسويد اولنوب ميزان الحق فى اختيار الاحق دينلدى ..."</subfield></datafield><datafield tag="500" ind1=" " ind2=" "><subfield code="a">Title supplied by cataloguer from edge title and inscription on 'title page' for added table of contents (p.1).</subfield></datafield><datafield tag="500" ind1=" " ind2=" "><subfield code="a">Ms. codex.</subfield></datafield><datafield tag="505" ind1="0" ind2=" "><subfield code="a">6. p.314-p.388 (margins) : Mizanü'l-hak fî ihtiyari'l-ahak / Kâtip Çelebi.</subfield></datafield><datafield tag="505" ind1="0" ind2=" "><subfield code="a">5. p.65-p.313 (margins) : Tuhfetü'l-kibar fi esfari'l-bihar / Kâtip Çelebi.</subfield></datafield><datafield tag="505" ind1="0" ind2=" "><subfield code="a">4. p.64 (margins) : Fihris-i Kitab-i Tuhfetü'l-kibar.</subfield></datafield><datafield tag="505" ind1="0" ind2=" "><subfield code="a">3. p.62-p.63 (margins) : [four signed favorable blurbs (taqrīẓ)].</subfield></datafield><datafield tag="505" ind1="0" ind2=" "><subfield code="a">2. p.13-p.630 : Tarih-i Fezleke / Kâtip Çelebi.</subfield></datafield><datafield tag="505" ind1="0" ind2=" "><subfield code="a">1. p.1-p.12 : [table of contents].</subfield></datafield><datafield tag="510" ind1="4" ind2=" "><subfield code="a">Quiring-Zoche, Rosmarie. "Minhīyāt - Marginalien des Verfassers in arabischen Manuskripten." Asiatische Studien (= Etudes asiatiques, Suisse), LX, 4 (2006): 987-1019.</subfield></datafield><datafield tag="510" ind1="4" ind2=" "><subfield code="a">Bursalı Mehmet Tahir. Osmanlı müellifleri (1972),</subfield><subfield code="c">v.2, p.353</subfield></datafield><datafield tag="510" ind1="4" ind2=" "><subfield code="a">Orhan Şaik Gökyay. "Kātib Čelebi." In EI2.</subfield></datafield><datafield tag="520" ind1="8" ind2=" "><subfield code="a">Elegant volume carrying three works by the renowned Ottoman scholar Kâtip Çelebi (d.1657), preceded by a table of contents for all three. In the main written area appears his Tarih-i Fezleke, a chronicle of Ottoman history addressing the years 1000 to 1065 (1591 to 1654-5). Two additional works are glossed with deliberate placement on the margins: first his Tuhfetü'l-kibar fi esfari'l-bihar, a history of Ottoman naval engagements through 1067 (1656) preceded by four signed favorable blurbs (taqrīẓ) and contents listing (fihris) and finally Mizanü'l-hak fî ihtiyari'l-ahak, his final work, addressing controversial questions of doctrine or practice with proposed solutions and concluding with an autobiographical account of his life and works (this copy incomplete).</subfield></datafield><datafield tag="538" ind1=" " ind2=" "><subfield code="a">Mode of access: Internet.</subfield></datafield><datafield tag="541" ind1=" " ind2=" "><subfield code="c">Purchase ;</subfield><subfield code="a">Quaritch ;</subfield><subfield code="d">Received: 2013/03/27</subfield></datafield><datafield tag="546" ind1=" " ind2=" "><subfield code="a">Ottoman Turkish.</subfield></datafield><datafield tag="561" ind1=" " ind2=" "><subfield code="a">Former inventory marks on upper board lining include "FR / 6/67," "S100," "13667," and "L" ; description with contents and date on verso of front flyleaf "K2 / Fezleke, a world history by Katib Chelebi 1117 / 1705-6" ; oval seal impression in red ink in name of one Hayrullah ("عبده السيد خير الله ...") repeated several times on verso of front flyleaf and 'title page' for added table of contents (p.1) ; description of contents on 'title page' for added table of contents (p.1) "درين مجلد مطبوع تاريخ فذلكه لكاتب چلبي كنارده تحفة الكبار كاتب چلبي كنارده ميزان الحق كاتب چلبي" ; on 'title page' for main text (p.13), ownership statement in name of Mustafa b. Osman, known as Sâmî (perhaps Arpaeminizade Mustafa Sâmî, d.1733, son of Arpaemini Osman Efendi), statement reads "حسبي الله سبحانه وتقدس من كتب الحقير مصطفى بن عثمان الشهير بسامي" (see Osmanlı müellifleri, v.2, p.353) ; further to two texts glossed on margins and in the hand of the same copyist, glosses traced to the author marked "منه" (i.e. minhīyāt) ; occasional notabilia (side-heads), some rubricated.</subfield></datafield><datafield tag="650" ind1=" " ind2="0"><subfield code="a">Manuscripts, Turkish</subfield><subfield code="z">Michigan</subfield><subfield code="z">Ann Arbor.</subfield></datafield><datafield tag="650" ind1=" " ind2="0"><subfield code="a">Islamic ethics</subfield><subfield code="v">Early works to 1800.</subfield></datafield><datafield tag="650" ind1=" " ind2="0"><subfield code="a">Muslims</subfield><subfield code="x">Conduct of life</subfield><subfield code="v">Early works to 1800.</subfield></datafield><datafield tag="650" ind1=" " ind2="0"><subfield code="a">Islam</subfield><subfield code="x">Doctrines</subfield><subfield code="v">Early works to 1800.</subfield></datafield><datafield tag="650" ind1=" " ind2="0"><subfield code="a">Naval battles</subfield><subfield code="v">Early works to 1800.</subfield></datafield><datafield tag="651" ind1=" " ind2="0"><subfield code="a">Turkey</subfield><subfield code="x">History</subfield><subfield code="y">Ottoman Empire, 1288-1918</subfield><subfield code="v">Early works to 1800.</subfield></datafield><datafield tag="651" ind1=" " ind2="0"><subfield code="a">Turkey</subfield><subfield code="x">History, Military</subfield><subfield code="v">Early works to 1800.</subfield></datafield><datafield tag="651" ind1=" " ind2="0"><subfield code="a">Turkey</subfield><subfield code="x">History, Naval</subfield><subfield code="v">Early works to 1800.</subfield></datafield><datafield tag="651" ind1=" " ind2="0"><subfield code="a">Turkey</subfield><subfield code="x">History</subfield><subfield code="y">1453-1683</subfield><subfield code="v">Early works to 1800.</subfield></datafield><datafield tag="655" ind1=" " ind2="7"><subfield code="a">Headpieces (layout features)</subfield><subfield code="y">18th century.</subfield><subfield code="2">aat</subfield></datafield><datafield tag="700" ind1="0" ind2=" "><subfield code="6">880-11</subfield><subfield code="a">Sâmî,</subfield><subfield code="d">-1733.</subfield><subfield code="e">former owner.</subfield></datafield><datafield tag="700" ind1="0" ind2=" "><subfield code="6">880-09</subfield><subfield code="a">Miftahizade Mustafa bin Hasan,</subfield><subfield code="d">flourished 1706,</subfield><subfield code="e">scribe.</subfield></datafield><datafield tag="700" ind1="0" ind2="2"><subfield code="6">880-08</subfield><subfield code="a">Kâtip Çelebi,</subfield><subfield code="d">1609-1657.</subfield><subfield code="t">Mizanü'l-hak fî ihtiyari'l-ahak.</subfield></datafield><datafield tag="700" ind1="0" ind2="2"><subfield code="6">880-07</subfield><subfield code="a">Kâtip Çelebi,</subfield><subfield code="d">1609-1657.</subfield><subfield code="t">Tuhfetüʼl-kibâr fî esfâriʼl-bihâr.</subfield></datafield><datafield tag="740" ind1="0" ind2="2"><subfield code="a">Mīzān al-ḥaqq fī ikhtiyār al-aḥaqq</subfield></datafield><datafield tag="740" ind1="0" ind2="2"><subfield code="a">Mizan ül-hakk</subfield></datafield><datafield tag="740" ind1="0" ind2="2"><subfield code="a">Tuhfet ül-kibar fi esfar il-bihar</subfield></datafield><datafield tag="740" ind1="0" ind2="2"><subfield code="a">Tuḥfat al-kibār fī asfār al-biḥār</subfield></datafield><datafield tag="740" ind1="0" ind2="2"><subfield code="a">Tuhfet el-kibar fi esfar el-bihar</subfield></datafield><datafield tag="740" ind1="0" ind2="2"><subfield code="a">Tuhfetü'l-kibar fi esfari'l-bihar</subfield></datafield><datafield tag="880" ind1="0" ind2=" "><subfield code="6">700-11/</subfield><subfield code="a">آرپا امين زاده مصطفى سامى،</subfield><subfield code="e">مالك سابق.</subfield></datafield><datafield tag="880" ind1="0" ind2=" "><subfield code="6">700-09/</subfield><subfield code="a">مفتاحى زاده مصطفى بن حسن.</subfield><subfield code="e">ناسخ.</subfield></datafield><datafield tag="880" ind1="0" ind2="2"><subfield code="6">700-08/</subfield><subfield code="a">كاتب جلبي.</subfield><subfield code="t">ميزان الحق في اختيار الاحق.</subfield></datafield><datafield tag="880" ind1="0" ind2="2"><subfield code="6">700-07/</subfield><subfield code="a">كاتب جلبي.</subfield><subfield code="t">تحفة الكبار في اسفار البحار.</subfield></datafield><datafield tag="880" ind1="1" ind2="0"><subfield code="6">245-03/</subfield><subfield code="a">[تاريخ فذلكه ...الخ،</subfield><subfield code="f">1117ه، 1705 و1706م].</subfield></datafield><datafield tag="880" ind1="0" ind2=" "><subfield code="6">100-01/</subfield><subfield code="a">كاتب جلبي.</subfield></datafield><datafield tag="CID" ind1=" " ind2=" "><subfield code="a">012244979</subfield></datafield><datafield tag="DAT" ind1="0" ind2=" "><subfield code="a">20190719102642.0</subfield><subfield code="b">20190719000000.0</subfield></datafield><datafield tag="DAT" ind1="1" ind2=" "><subfield code="a">20190719090653.0</subfield><subfield code="b">2019-07-19T16:10:22Z</subfield></datafield><datafield tag="DAT" ind1="2" ind2=" "><subfield code="a">2019-02-26T19:00:03Z</subfield></datafield><datafield tag="CAT" ind1=" " ind2=" "><subfield code="a">SDR-MIU</subfield><subfield code="d">EX LIBRIS - ALEPH</subfield><subfield code="l">prepare.pl-004-008</subfield></datafield><datafield tag="FMT" ind1=" " ind2=" "><subfield code="a">BK</subfield></datafield><datafield tag="HOL" ind1=" " ind2=" "><subfield code="0">sdr-miu012244979</subfield><subfield code="a">MiU</subfield><subfield code="b">SDR</subfield><subfield code="c">MIU</subfield><subfield code="p">mdp.39015079132869</subfield><subfield code="s">MIU</subfield><subfield code="1">012244979</subfield></datafield><datafield tag="974" ind1=" " ind2=" "><subfield code="b">MIU</subfield><subfield code="c">MIU</subfield><subfield code="d">20190719</subfield><subfield code="s">lit-dlps-dc</subfield><subfield code="u">mdp.39015079132869</subfield><subfield code="y">1706</subfield><subfield code="r">pd</subfield><subfield code="q">bib</subfield><subfield code="t">non-US bib date2, date type m &lt; 1896</subfield></datafield></record></collection>